@article{Dirac1953888,
  title   = "The lorentz transformation and absolute time",
  journal = "Physica ",
  volume  = "19",
  number  = "1-–12",
  pages   = "888--896",
  year    = "1953",
  doi     = "10.1016/S0031-8914(53)80099-6",
  author  = "P.A.M. Dirac"
}

@article{Feynman1963118,
  title   = "The theory of a general quantum system interacting with a linear dissipative system",
  journal = "Annals of Physics ",
  volume  = "24",
  pages   = "118--173",
  year    = "1963",
  doi     = "10.1016/0003-4916(63)90068-X",
  author  = "R.P Feynman and F.L {Vernon Jr.}"
}

@INPROCEEDINGS{V.Abramova201314,
  author	="V. Abramova and J. Bernardino",
  title	  = "Nosql Databases: Mongodb vs Cassandra",
  booktitle = {Proceedings International C* Conference on Computer Science and Software Engineering},
  address = "Portu, Portugal",
  publisher = "ACM",
  pages    = "14--23",
  year	  = "July 2013",
  doi	    = "10.1145/2494444.2494447",
}				
  title = {Proc.\ 23rd Symposium on Distributed Computing (DISC 2009)},
  booktitle = {Proc.\ 23rd Symposium on Distributed Computing (DISC 2009)},
  volume = 5805,
  series = {LNCS},
  publisher = {Springer},
  year = {2009}